@article{1,
  title={A new mechanism for mesoscale legged locomotion in compliant tubular environments},
  author={Valdastri, Pietro and Webster III, Robert J and Quaglia, Claudio and Quirini, Marco and Menciassi, Arianna and Dario, Paolo},
  journal={IEEE Transactions on Robotics},
  volume={25},
  number={5},
  pages={1047--1057},
  year={2009},
}

@article{2,
  title={Reading wireless video capsule endoscopy},
  author={Cave, David R},
  journal={Gastrointestinal endoscopy clinics of North America, Elsevier},
  volume={14},
  number={1},
  pages={17--24},
  year={2004}
}

@article{3,
  title={{RF} localization for wireless video capsule endoscopy},
  author={Pahlavan, Kaveh and Bao, Guanqun and Ye, Yunxing and Makarov, Sergey and Khan, Umair and Swar, Pranay and Cave, D and Karellas, Andrew and Krishnamurthy, Prashant and Sayrafian, Kamran},
  journal={Springer International Journal of Wireless Information Networks},
  volume={19},
  number={4},
  pages={326--340},
  year={2012}
}

@article{4,
  title={A cubic 3-axis magnetic sensor array for wirelessly tracking magnet position and orientation},
  author={Hu, Chao and Li, Mao and Song, Shuang and Zhang, Rui and Meng, Max Q-H},
  journal={IEEE Sensors Journal},
  volume={10},
  number={5},
  pages={903--913},
  year={2010}
}

@article{5,
  title={Underwater acoustic source localization method based on {TDOA} with particle filtering},
  author={Xu, Yaosong and Dandan, Wang and Hua, Fu},
  journal={Chinese Control and Decision Conference},
  pages={4634--4637},
    organization={IEEE},
   year={2014}
}
@article{6,
  title={Adaptive linearized methods for tracking a moving telemetry capsule},
  author={Arshak, Khalil and Adepoju, Francis},
  journal={IEEE International Symposium on Industrial Electronics},
  pages={2703--2708},
  year={2007}
}

@article{7,
  title={Determination of a position in three dimensions using trilateration and approximate distances},
  author={Murphy, W and Hereman, Willy},
  journal={Department of Mathematical and Computer Sciences, Colorado School of Mines, Golden, Colorado},
  volume={7},
  pages={19},
  year={1995}
}

@article{8,
  title={{GPS}-{Global} {Positioning} {System}: {Theory} and {Practice}},
  author={Hofmann-Wellenhof, B and Lichtenegger, H and Collins, J},
  journal={Springer-Verlag Wien},
  volume={1},
  pages={389},
  year={1997}
}

@article{9,
  title={The cricket location-support system},
  author={Priyantha, Nissanka B and Chakraborty, Anit and Balakrishnan, Hari},
  journal={International Conference on Mobile Computing and Networking},
  pages={32--43},
  year={2000},
}

@article{10,
  title={Ad hoc positioning system ({APS}) using {AOA}},
  author={Niculescu, Dragos and Nath, Badri},
  journal={Annual Joint Conference of the IEEE Computer and Communications Societies},
  pages={1734--1743},
  year={2003},
}

@article{11,
  title={{RADAR}: An in-building {RF}-based user location and tracking system},
  author={Bahl, Paramvir and Padmanabhan, Venkata N},
   journal={Annual Joint Conference of the IEEE Computer and Communications Societies},
  pages={775--784},
  year={2000},
}

@article{12,
  title={Robust distributed network localization with noisy range measurements},
  author={Moore, David and Leonard, John and Rus, Daniela and Teller, Seth},
   journal={International Conference on Embedded Networked Sensor Systems},
  pages={50--61},
  year={2004},
}

@article{13,
  title={Efficient tracking of {3D}-robot positions by dynamic triangulation},
  author={Favre-Bulle, Bernard and Prenninger, Johann and Eitzinger, Christian},
  journal={IEEE Instrumentation and Measurement Technology Conference},
  pages={446--449},
  year={1998},
}

@article{14,
  title={A lightweight localization scheme in wireless sensor networks},
  author={Liao, WenHwa and Lee, YuChee},
   journal={IEEE International Conference on Wireless and Mobile Communications},
  pages={2},
   year={2006},
}

@article{15,
  title={{GPS}-less low-cost outdoor localization for very small devices},
  author={Bulusu, Nirupama and Heidemann, John and Estrin, Deborah},
  journal={IEEE Personal Communications},
  volume={7},
  number={5},
  pages={28--34},
  year={2000}
}

@article{16,
  title={Centroid localization of uncooperative nodes in wireless networks using a relative span weighting method},
  author={Laurendeau, Christine and Barbeau, Michel},
  journal={Springer EURASIP Journal on Wireless Communications and Networking},
  volume={2010},
  number={1},
  pages={567040},
  year={2009}
}
@article{17,
  title={Weighted centroid localization in Zigbee-based Sensor Networks},
  author={Blumenthal, Jan and Grossmann, Ralf and Golatowski, Frank and Timmermann, Dirk},
  journal={IEEE International Symposium on Intelligent Signal Processing},
  pages={1--6},
  year={2007}
}

@article{18,
  title={Weighted centroid localization algorithm based on {RSSI} for wireless sensor networks},
  author={Weike, Chen and Wenfeng, Li and Heng, Shou},
  journal={International Conference on Mechatronic Sciences, Electric Engineering and Computer},
  number={2},
  pages={265},
  year={2006}
}

@article{19,
  title={Weighted centroid localization algorithm with weight corrected based on {RSSI} for wireless sensor network},
  author={Huixia, Yu},
  journal={Electronic Test},
  volume={1},
  number={1},
  pages={28--32},
  year={2012}
}

@article{20,
  title={An Improved Weighted Centroid Localization Algorithm},
  author={Bin, Li and Zheng, Dou and Yu, Ning and Yun, Lin},
  journal={International Journal of Future Generation Communication and Networking},
  volume={6},
  number={5},
  pages={45--52},
  year={2013},
}

@article{21,
  title={Node Degree based Improved Hop Count Weighted Centroid Localization Algorithm},
  author={Luttenberger, Norbert and Peters, Hagen},
   journal={GI/ITG Conference on Communication in Distributed Systems},
  pages={194--199},
  year={2011},
}

@article{22,
  title={Linear-regression-based weighted centroid localization algorithm in {Wireless} {Sensor} {Network}},
  author={Yu, Hu and Weizhao, Yao},
  journal={Procedia Engineering, Elsevier},
  volume={15},
  pages={3068--3072},
  year={2011},
}

@article{23,
  title={Improvement of Centroid Location Algorithm for Wireless Sensor Networks},
  author={Shen, Xueli and Zhang, Huan},
    journal={International Conference on Computer Science and Information Technology},
  pages={579--583},
  year={2011}
}

@article{24,
  title={Refinement of Weighted Centroid Localization using a Regular Infrastructure Topology},
  author={Fink, Andreas and Beikirch, Helmut},
  journal={International Conference on Indoor Positioning and Indoor Navigation},
  pages={1--10},
  year={2013}
}
@article{25,
  title={Improved weighted centroid localization in smart ubiquitous environments},
  author={Schuhmann, Stephan and Herrmann, Klaus and Rothermel, Kurt and Blumenthal, Jan and Timmermann, Dirk},
  journal={Ubiquitous Intelligence and Computing, Springer},
  volume={5061},
  pages={20--34},
  year={2008},
}

@article{26,
  title={Continuous close-proximity {RSSI}-based tracking in wireless sensor networks},
  author={Blumrosen, Gaddi and Hod, Bracha and Anker, Tal and Dolev, Danny and Rubinsky, Boris},
   journal={IEEE International Conference on Body Sensor Networks},
  pages={234--239},
  year={2010},
}
@article{27,
  title={A Novel Weighted Centroid Localization Algorithm Based on {RSSI} for an Outdoor Environment},
  author={Dong, Quande and Xu, Xu},
  journal={Journal of Communications},
  volume={9},
  number={3},
  year={2014}
}

@article{28,
  title={{DOA}-based endoscopy capsule localization and orientation estimation via unscented Kalman filter},
  author={Goh, Shu Ting and Zekavat, Seyed A Reza and Pahlavan, Kaveh},
  journal={IEEE Sensors Journal},
  volume={14},
  number={11},
  pages={3819--3829},
  year={2014}
}

@article{29,
  title={Performance comparison between {TOA} and {RSSI}-based localization methods for wireless capsule endoscopy systems},
  author={Ito, Takahiro and Anzai, Daisuke and Wang, Jianqing},
  journal={IEEE International Symposium on Medical Information and Communication Technology},
  pages={139--143},
  year={2015}
}

@article{30,
  title={Comparison of {TOA} and {RSS} based techniques for {RF} localization inside human tissue},
  author={Khan, Umair I and Pahlavan, Kaveh and Makarov, Sergey},
  journal={IEEE Annual International Conference in Engineering in Medicine and Biology Society},
  pages={5602--5607},
  year={2011}
}

@article{31,
  title={Circular arrays and inertial measurement unit for {DOA/TOA/TDOA}-based endoscopy capsule localization: Performance and complexity investigation},
  author={Nafchi, Amir Raeisi and Goh, Shu Ting and Zekavat, Seyed A Reza},
  journal={IEEE Sensors Journal},
  volume={14},
  number={11},
  pages={3791--3799},
  year={2014}
}

@article{32,
  title={High performance {DOA/TOA}-based endoscopy capsule localization and tracking via {2D} circular arrays and inertial measurement unit},
    author={Nafchi, Amir Raeisi and Goh, Shu Ting and Zekavat, Seyed A Reza},
  journal={IEEE International Conference on Wireless for Space and Extreme Environments},
  pages={1--6},
  year={2013}
}
@article{33,
  title={Localization of an {RF} source inside the Human body for Wireless Capsule Endoscopy},
  author={Chandra, Rohit and Johansson, Anders J and Tufvesson, Fredrik},
  journal={International Conference on Body Area Networks, Institute for Computer Sciences, Social-Informatics and Telecommunications Engineering},
  pages={48--54},
  year={2013}
}

@article{34,
  title={Design and implementation of a high resolution localization system for in-vivo capsule endoscopy},
  author={Hou, Jinlong and Zhu, Yongxin and Zhang, Le and Fu, Yuzhuo and Zhao, Feng and Yang, Li and Rong, Guoguang},
  journal={IEEE International Conference on Dependable, Autonomic and Secure Computing},
  pages={209--214},
  year={2009}
}

@article{35,
  title={Performance bounds for {RF} positioning of Endoscopy Camera Capsules},
  author={Wang, Yi and Fu, Ruijun and Ye, Yunxing and Khan, Umair and Pahlavan, Kaveh},
  journal={IEEE Topical Conference on Biomedical Wireless Technologies, Networks, and Sensing Systems},
  pages={71--74},
  year={2011}
}

@article{36,
  title={Accuracy of {RSS}-based {RF} localization in multi-capsule endoscopy},
  author={Ye, Yunxing and Swar, Pranay and Pahlavan, Kaveh and Ghaboosi, Kaveh},
  journal={International Journal of Wireless Information Networks, Springer},
  volume={19},
  number={3},
  pages={229--238},
  year={2012}
}

@article{37,
  title={A novel method for medical implant in-body localization},
  author={Pourhomayoun, Mohammad and Fowler, Mark and Jin, Zhanpeng},
  journal={IEEE Annual International Conference on Engineering in Medicine and Biology Society},
  pages={5757--5760},
  year={2012}
}

@article{38,
  title={Impact of propagation characteristics on {RSSI}-based localization for 400 MHz {MICS} band implant body area networks},
  author={Anzai, Daisuke and Aoyama, Sho and Wang, Jianqing},
 journal={IEEE International Symposium on Medical Information and Communication Technology},
  pages={1--4},
  year={2012}
}

@article{39,
  title={Hybrid localization of microrobotic endoscopic capsule inside small intestine by data fusion of vision and {RF} sensors},
  author={Bao, Guanqun and Pahlavan, Kaveh and Mi, Liang},
  journal={IEEE Sensors Journal},
  volume={15},
  number={5},
  pages={2669--2678},
  year={2015}
}

@article{40,
  title={Smartpill redefines ‘noninvasive’},
  author={Thomas, Scott},
  journal={Buffalo physician},
  volume={40},
  number={3},
  pages={13--14},
  year={2006}
}

@article{41,
  title={Localization of the given {M2A} ingestible capsule in the given diagnostic imaging system},
  author={Jacob, Harold and Levy, Daphna and Shreiber, Reuben and Glukhovsky, Arkady and Fischer, Doron},
  journal={Gastrointestinal Endoscopy},
  volume={55},
  number={5},
  pages={AB135--AB135},
  year={2002},
}

@article{42,
  title={Array system and method for locating an in vivo signal source},
  author={Glukhovsky, Arkady and Frisch, Mordechai and Levy, Daphna},
   journal={US Patent 7,618,366},
  year={2002},
}

@article{43,
  title={Capsule endoscopy: the localization system},
  author={Fischer, Doron and Schreiber, Reuven and Levi, Daphna and Eliakim, Rami},
  journal={Elsevier Gastrointestinal endoscopy clinics of north america},
  volume={14},
  number={1},
  pages={25--31},
  year={2004},
}

@article{44,
  title={Performance evaluation on {RSSI}-based localization for capsule endoscopy systems with 400{MHz} {MICS} band signals},
  author={Anzai, Daisuke and Aoyama, Sho and Jianqing, WANG},
  journal={IEICE transactions on communications},
  volume={95},
  number={10},
  pages={3081--3087},
  year={2012}
}

@article{45,
  title={An Adaptive Linearized Method for Localizing Video Endoscopic Capsule Using Weighted Centroid Algorithm},
  author={Umma Hany and Khan A. Wahid},
  journal={International Journal of Distributed Sensor Networks, Hindawi},
  volume={2015},
  pages={5},
  year={2015}
}
@article{46,
  title={Degree-based {WCL} for video endoscopic capsule localization},
  author={Hany, Umma and Akter, Lutfa and Hossain, Md Farhad},
  journal={IEEE Sensors Journal},
  volume={17},
  number={9},
  pages={2904--2916},
  year={2017},
  publisher={IEEE}
}


@article{47,
  title={Propagation models for {IEEE} 802.15. 6 standardization of implant communication in body area networks},
  author={Chavez-Santiago, Raul and Sayrafian-Pour, Kamran and Khaleghi, Ali and Takizawa, Kenichi and Wang, Jianqing and Balasingham, Ilangko and Li, Huan-Bang},
  journal={IEEE Communications Magazine},
  volume={51},
  number={8},
  pages={80--87},
  year={2013}
}

@article{48,
  title={Localization and Tracking of Intestinal Paths for Wireless Capsule Endoscopy},
  author={Bj{\o}rnevik, Anders Sandrib},
journal={Master's thesis, Norwegian University of Science and
Technology},
  year={2015}
}

@article{49,
  title={A statistical path loss model for medical implant communication channels},
  author={Sayrafian-Pour, Kamran and Yang, Wen-Bin and Hagedorn, John and Terrill, Judith and Yazdandoost, Kamya Yekeh},
  journal={IEEE International Symposium on Personal, Indoor and Mobile Radio Communications},
  pages={2995--2999},
  year={2009}
}

@article{50,
  title={A novel {RF}-based propagation model with tissue absorption for location of the {GI} tract},
  author={Wang, Lujia and Liu, Li and Hu, Chao and Meng, Max QH},
  journal={IEEE Annual International Conference on Engineering in Medicine and Biology Society},
  pages={654--657},
  year={2010}
}

@article{51,
  title={Moving averaging method of {RSSI} based distance estimation for wireless capsule localization},
  author={Hany, Umma and Akter, Lutfa and Hossain, Md Farhad},
   journal={IEEE International Conference on Medical Engineering, Health Informatics and Technology},
  pages={1--5},
  year={2016}
}

@article{52,
  title={Ultra-wideband pulse-based data communications for medical implants},
  author={Khaleghi, Ali and Ch{\'a}vez-Santiago, Ra{\'u}l and Balasingham, Ilangko},
  journal={IET Communications},
  volume={4},
  number={15},
  pages={1889--1897},
  year={2010},
}

@article{53,
  title={{UWB} path loss models for ingestible devices},
  author={Perez-Simbor, Sofia and Andreu, Carlos and Garcia-Pardo, Concepcion and Frasson, Matteo and Cardona, Narcis},
  journal={IEEE Transactions on Antennas and Propagation},
  volume={67},
  number={8},
  pages={5025--5034},
  year={2019},
  publisher={IEEE}
}

@article{54,
  title={Channel characterization and diversity feasibility for in-body to on-body communication using low-band {UWB} signals},
  author={Shi, Jingjing and Wang, Jianqing},
  journal={IEEE International Symposium on Applied Sciences in Biomedical and Communication Technologies},
  pages={1--4},
  year={2010}
}

@article{55,
  title={{RSSI} Based Position Estimation in ZigBee Sensor Networks},
  author={Ileri, Fatih and Akar, Mehmet},
  journal={WSEAS Recent Advances in Circuits, Systems, Signal Processing and Communications},
  pages={62--73},
  year={2014}
}

@article{56,
  title={Weighted centroid localization algorithm: theoretical analysis and distributed implementation},
  author={Wang, Jun and Urriza, Paulo and Han, Yuxing and Cabric, Danijela},
  journal={IEEE Transactions on Wireless Communications},
  volume={10},
  number={10},
  pages={3403--3413},
  year={2011}
}

@article{57,
  title={Corrected range weighted centroid localization algorithm based on {RSSI} for {WSN}},
  author={Zhiliang, Zeng and Jingmin, Gao and Jiuhe, Wang},
  journal={Springer International Conference on Informatics, Cybernetics, and Computer Engineering, Melbourne, Australia},
  pages={453--460},
  year={2011}
}

@article{58,
  title={The Study of the Weighted Centroid Localization Algorithm Based on {RSSI}},
  author={Wang, Zu-Min and Zheng, Yi},
  journal={IEEE International Conference on Wireless Communication and Sensor Network},
  pages={276--279},
  year={2014}
}

@article{59,
  title={An improved weighted centroid localization algorithm based on difference of estimated distances for wireless sensor networks},
  author={Zhao, Jijun and Zhao, Qingwei and Li, Zhihua and Liu, Yunfei},
  journal={Telecommunication Systems, Springer},
  volume={53},
  number={1},
  pages={25--31},
  year={2013}
}

@article{60,
  title={An Improved Weighted Centroid Localization Algorithm in {WSN}},
  author={Zou, Dong Yao and Lv, He and Zheng, Dao Li and Han, Teng Fei},
  journal={Applied Mechanics and Materials},
  volume={513},
  pages={3496--3499},
  year={2014}
}

@article{61,
  title={Novel centroid localization algorithm for three-dimensional wireless sensor networks},
  author={Chen, Hongyang and Huang, Pei and Martins, Marcelo and So, Hing Cheung and Sezaki, Kaoru},
  journal={IEEE International Conference on Wireless Communications, Networking and Mobile Computing},
  pages={1--4},
  year={2008}
}

@article{62,
  title={The Improvement of {RSSI} for Mine Personnel Positioning},
  author={Zhang, Bin and Zhu, Jiantao and Gao, Peng and Xu, Jinyong},
 journal={International Conference on Intelligent Systems Research and Mechatronics Engineering},
  year={2015}
}

@article{63,
  title={Wireless communications: principles and practice},
  author={Rappaport, Theodore S and others},
  journal={Prentice Hall PTR New Jersey},
  volume={2},
  pages={},
  year={2015}
}

@article{64,
  title={Fundamentals of Statistical Signal Processing: Estimation theory},
  author={Kay, Steven M},
  journal={Prentice Hall},
   volume={1},
  year={1993}
}

@article{65,
  title={Performance evaluation on {RSSI}-based wireless capsule endoscope location tracking with particle filter},
  author={Ito, Takahiro and Anzai, Daisuke and Jianqing, WANG},
  journal={IEICE Transactions on Communications},
  volume={97},
  number={3},
  pages={579--586},
  year={2014}
}

@article{66,
  title={Diversity and {MIMO} for body-centric wireless communication channels},
  author={Khan, Imdad},
  journal={PhD thesis, University of Birmingham},
    year={2009}
}

@article{67,
  title={Channel modeling and {BER} performance for wearable and implant {UWB} body area links on chest},
  author={Wang, Qiong and Masami, Kenichiro and Wang, Jianqing},
  journal={IEEE International Conference on Ultra-Wideband},
  pages={316--320},
  year={2009}
}

@article{68,
  title={Performance evaluation for {MIMO} in vivo {WBAN} systems},
  author={He, Chao and Liu, Yang and Ketterl, Thomas P and Arrobo, Gabriel E and Gitlin, Richard D},
  journal={IEEE MTT-S International Microwave Workshop Series on RF and Wireless Technologies for Biomedical and Healthcare Applications},
  pages={1--3},
  year={2014}
}

@article{69,
  title={Wireless communications},
  author={Goldsmith, Andrea},
  journal={Cambridge university press},
  year={2005},
}

@article{70,
  title={Partitions},
  author={Apostol, Tom M},
 journal={Introduction to Analytic Number Theory, Springer},
  pages={304--328},
  year={1976},
}

@article{71,
  title={A miniaturized implantable loop antenna at {MICS} and {ISM} bands for biomedical applications},
  author={Lei, Wen and Guo, Yong-Xin},
  journal={IEEE International Microwave Workshop Series on RF and Wireless Technologies for Biomedical and Healthcare Applications},
  pages={1--3},
  year={2013}
}

@article{72,
  title={Localization of endoscopic capsule in the {GI} tract based on {MPEG}-7 visual descriptors},
  author={Duda, K and Zielinski, T and Fraczek, R and Bulat, J and Duplaga, M},
  journal={IEEE International Workshop on Imaging Systems and Techniques},
  pages={1--4},
  year={2007}
}
@article{73,
  title={Method for determining the position and orientation of an endoscopy capsule guided through an examination object by using a navigating magnetic field generated by means of a navigation device},
  author={Kuth, Rainer and Reinschke, Johannes and Rockelein, Rudolf},
   journal={US Patent App. 11/481,935},
  year={2006}
}

@article{74,
  title={Design of a novel {MRI} compatible manipulator for image guided prostate interventions},
  author={Krieger, Axel and Susil, Robert C and M{\'e}nard, Cynthia and Coleman, Jonathan A and Fichtinger, Gabor and Atalar, Ergin and Whitcomb, Louis L},
  journal={IEEE Transactions on Biomedical Engineering},
  volume={52},
  number={2},
  pages={306--313},
  year={2005}
}

@article{75,
  title={A novel method of three-dimensional localization based on a neural network algorithm},
  author={Guo, X and Yan, G and He, W},
  journal={Journal of medical engineering \& technology, Taylor \& Francis},
  volume={33},
  number={3},
  pages={192--198},
  year={2009}
}

@article{76,
  title={Improved modeling of electromagnetic localization for implantable wireless capsules},
  author={Guo, Xudong and Yan, Guozheng and He, Wenhui and Jiang, Pingping},
  journal={Biomedical instrumentation \& technology},
  volume={44},
  number={4},
  pages={354--359},
  year={2010}
}

@article{77,
  title={An electromagnetic localization method for medical micro-devices based on adaptive particle swarm optimization with neighborhood search},
  author={Guo, Xudong and Wang, Cheng and Yan, Rongguo},
  journal={Measurement,Elsevier},
  volume={44},
  number={5},
  pages={852--858},
  year={2011}
}

@article{78,
  title={A review of localization systems for robotic endoscopic capsules},
  author={Than, Trung Duc and Alici, Gursel and Zhou, Hao and Li, Weihua},
  journal={IEEE Transactions on Biomedical Engineering},
  volume={59},
  number={9},
  pages={2387--2399},
  year={2012}
}
@article{79,
  title={Localization of Wireless Capsule Endoscope: A Systematic Review},
  author={Mateen, Haris and Basar, Rubel and Ahmed, Afaz Uddin and Ahmad, Mohd Yazed},
  journal={IEEE Sensors Journal},
  volume={17},
  number={5},
  pages={1197--1206},
  year={2017}
}
@article{80,
  title={Accuracy of Endoscopic Capsule Localization using Position Bounds on Smoothed
Path Loss based {WCL}},
  author={Hany, Umma and Akter, Lutfa},
  journal={IEEE International Conference on Signal and Image Processing Applications},
pages={--},
  year={2017, Accepted},
  Publisher={Accepted}
}
@article{81,
  title={Performance of Distance based and Path Loss based Weighted Centroid Localization
Algorithms for Video Capsule Endoscope},
  author={Hany, Umma and Akter, Lutfa},
  journal={IEEE International Conference on Signal and Image Processing Applications},
pages={--},
  year={2017, Accepted},
   Publisher={Accepted}
}
@article{82,
  title={Local Polynomial Regression Based Path Loss Estimation for Weighted Centroid
Localization of Endoscopic Capsule},
  author={Hany, Umma and Akter, Lutfa},
  journal={International Conference on Control, Electronics, Renewable Energy, and Communications},
pages={--},
  year={2017, Accepted},
   Publisher={Accepted}
}
@article{83,
  title={Local parametric approach of wireless capsule endoscope localization using randomly scattered path loss based {WCL}},
  author={Hany, Umma and Akter, Lutfa},
  journal={Wireless Communications and Mobile Computing},
  volume={2017},
  year={2017},
  publisher={Hindawi}
}
@article{84,
  title={Non-parametric Approach of Video Capsule Endoscope Localization using Sub-optimal Method of Position Bounded {CWCL}},
  author={Hany, Umma and Akter, Lutfa},
  journal={IEEE Sensors Journal},
pages={--},
  year={2017, Accepted},
   Publisher={Under Review},
}
@article{85,
  title={Non-parametric approach using {ML} estimated path loss bounded {WCL} for video capsule endoscope localization},
  author={Hany, Umma and Akter, Lutfa},
  journal={IEEE Sensors Journal},
  volume={18},
  number={11},
  pages={4761--4769},
  year={2018},
  publisher={IEEE}
}
@article{86,
  title={Non-parametric Method of Path loss estimation for Endoscopic Capsule Localization},
  author={Hany, Umma and Akter, Lutfa},
  journal={Springer International Journal of Wireless Information Networks},
pages={--},
  year={2017, Under Review},
  Publisher={Under Review}
}

@article{87,
  title={Ultrasound Emitter Localization in Heterogeneous Media},
  author={Fluckiger, M. and Nelson, B. J.},
  journal={Annual International Conference of the IEEE in Engineering in Medicine and Biology Society},
pages={2867-2870},
  year={2007}
}
@article{88,
  title={A wireless acoustic emitter for passive localization in liquids},
  author={Nagy, Z. and Fluckiger, M. and Ergeneman, O. and Pane, S. and Probst, M. and Nelson, B. J.},
  journal={IEEE International Conference on Robotics and Automation},
pages={2593-2598},
  year={2009}
}

@article{89,
  title={A miniaturized implantable loop antenna at {MICS} and {ISM} bands for biomedical applications},
  author={ Wen Lei. Wen and Guo, Yong-Xin},
  journal={IEEE Microwave Workshop Series on RF and Wireless Technologies for Biomedical and Healthcare Applications},
  pages={wrong2593-2598},
  year={2013}
}

@article{90,
  title={Channel model for body area network ({BAN})},
  author={Yazdandoost, Kamya Yekeh},
  journal={IEEE802. 15-07-0943-00-0ban},
  year={2007}
}

@article{91,
  title={Wireless sensor network localization techniques},
  author={Mao, Guoqiang and Fidan, Bar{\i}{\c{s}} and Anderson, Brian DO},
  journal={Elsevier Computer networks},
  volume={51},
  number={10},
  pages={2529--2553},
  year={2007}
}

@article{92,
  title={Practical issues in wireless sensor network localization systems using received signal strength indication},
  author={Motter, Paulo and Allgayer, Rodrigo S and M{\"u}ller, Ivan and Pereira, Carlos Eduardo and de Freitas, Edison Pignaton},
  journal={IEEE Sensors Applications Symposium},
  pages={227--232},
  year={2011}
}
@article{93,
  title={Indoor localization system using {RSSI} measurement of wireless sensor network based on ZigBee standard},
  author={Sugano, Masashi and Kawazoe, Tomonori and Ohta, Yoshikazu and Murata, Masayuki},
  journal={Target},
  volume={538},
  pages={050},
  year={2006}
}
@article{94,
  title={A practical evaluation of radio signal strength for ranging-based localization},
  author={Whitehouse, Kamin and Karlof, Chris and Culler, David},
  journal={ACM Sigmobile Mobile Computing and Communications Review},
  volume={11},
  number={1},
  pages={41--52},
  year={2007}
}
@article{95,
  title={Localization in cooperative wireless sensor networks: A review},
  author={Bal, Mert and Liu, Min and Shen, Weiming and Ghenniwa, Hamada},
 journal={IEEE International Conference on Computer Supported Cooperative Work in Design},
  pages={438--443},
  year={2009}
}
@article{96,
  title={Localization for mobile sensor networks},
  author={Hu, Lingxuan and Evans, David},
  journal={Aannual international conference on Mobile computing and networking},
  pages={45--57},
  year={2004}
}
@article{97,
  title={Angle-of-arrival localization based on antenna arrays for wireless sensor networks},
  author={Ku{\l}akowski, Pawe{\l} and Vales-Alonso, Javier and Egea-L{\'o}pez, Esteban and Ludwin, Wies{\l}aw and Garc{\'\i}a-Haro, Joan},
  journal={Elsevier Computers \& Electrical Engineering},
  volume={36},
  number={6},
  pages={1181--1186},
  year={2010}
}
@article{98,
  title={{ToA} based sensor localization in underwater wireless sensor networks},
  author={Lee, Kang Hoon and Yu, Chang Ho and Choi, Jae Weon and Seo, Young Bong},
  journal={IEEE SICE Annual Conference, 2008},
  pages={1357--1361},
  year={2008}
}
@article{99,
  title={Mobility-assisted node localization based on {TOA} measurements without time synchronization in wireless sensor networks},
  author={Chen, Hongyang and Liu, Bin and Huang, Pei and Liang, Junli and Gu, Yu},
  journal={Springer Mobile Networks and Applications},
  volume={17},
  number={1},
  pages={90--99},
  year={2012}
}
@article{100,
  title={Research of {TDOA} based self-localization approach in wireless sensor network},
  author={Xiao, Jun and Ren, Lirong and Tan, Jindong},
  journal={IEEE International Conference on Intelligent Robots and Systems},
  pages={2035--2040},
  year={2006}
}
@article{101,
  title={A High Precision Localization Algorithm in Wireless Sensor Network},
  author={Zhang, Shi and Ren, Lirong and Xiao, Jun and Tan, Jindong},
  journal={IEEE International Conference on Control, Automation, Robotics and Vision},
  pages={1--6},
  year={2006}
}
@article{102,
  title={The limits of localization using signal strength: A comparative study},
  author={Elnahrawy, Eiman and Li, Xiaoyan and Martin, Richard P},
  journal={IEEE Communications Society Conference on Sensor and Ad Hoc Communications and Networks},
  pages={406--414},
  year={2004}
}
@article{103,
  title={Adaptive distance estimation and localization in {WSN} using {RSSI} measures},
  author={Awad, Abdalkarim and Frunzke, Thorsten and Dressler, Falko},
 journal={IEEE Euromicro Conference on Digital System Design Architectures, Methods and Tools},
  pages={471--478},
  year={2007}
}
@article{104,
  title={Theory and applications of distance geometry},
  author={Blumenthal, Leonard Mascot},
  year={1970},
  journal={Chelsea New York}
}
@article{105,
  title={An improved 3-dimensional mobile location method using volume measurements of tetrahedron},
  author={Wan, Qun and Peng, Ying-Ning},
  journal={IEICE Transactions on Communications},
  volume={85},
  number={9},
  pages={1817--1823},
  year={2002}
}
@article{106,
  title={Ad hoc positioning system ({APS})},
  author={Niculescu, Dragos and Nath, Badri},
  journal={IEEE Global Telecommunications Conference},
  volume={5},
  pages={2926--2931},
  year={2001}
}
@article{107,
  title={{DV} based positioning in ad hoc networks},
  author={Niculescu, Drago{\c{s}} and Nath, Badri},
  journal={Springer Telecommunication Systems},
  volume={22},
  number={1},
  pages={267--280},
  year={2003}
}
@article{108,
  title={Three-mobile-beacon assisted weighted centroid localization method in wireless sensor networks},
  author={Cui, Huan-qing and Wang, Ying-long and Lv, Jia-liang and Mao, Yu-ming},
   journal={IEEE International Conference on Software Engineering and Service Science},
  pages={308--311},
  year={2011}
}

@article{109,
  title={Anatomy and physiology for nurses},
  author={Jackson, S.},
  journal={Nurses' Aids Series, Bailliere Tindall, London, UK, 9th edition},
    pages={},
  year={1985},
}


@article{111,
  title={Textbook of Medical Physiology},
  author={Guyton, A. C.},
   journal={W.B. Saunders, Philadelphia, Pa, USA, 8th edition},
  pages={274},
  year={1991}
}

@article{112,
  title={Capsule Endoscopy},
  journal={www.stjohnprovidence.org/providence/specialties/endoscopy/
  procedures/capsuleendoscopy/},
  pages={},
  year={August, 2017}
}

@article{113,
  title={Easy to swallow wireless telemetry},
  author={Sujatha, B. R. and Keerthi, D. S.},
  journal={Seminar on Advanced Topics,www.slideshare.net/bssrilakshmi/
  211659111-easytoswallowwirelesstelemetry},
  pages={},
  year={May 14, 2014}
}
@article{114,
  title={Wireless capsule endoscopy},
  author={Iddan, Gavriel and Meron, Gavriel and Glukhovsky, Arkady and Swain, Paul},
  journal={Nature},
  volume={405},
  number={6785},
  pages={417},
  year={2000},
  publisher={Nature Publishing Group}
}
@article{115,
  title={Textbook of Medical Physiology},
  author={Guyton, A. C.},
   journal={W.B. Saunders, Philadelphia, Pa, USA, 5th edition},
  pages={424},
  year={1976}
}

@article{116,
  title={{IP6-} Security and Cryptographic Issues},
  journal={National Centres of Competence in Research (NCCRs), Mobile Information and Communication System (MICS)},
  pages={},
  year={March, 2005}
}	

@article{117,

  title={Cell Phone Triangulation Accuracy Is All Over The Map},
  author={Smith, Chris Silver},
  journal={Search Engine Land, http://searchengineland.com/cell-phone-triangulation-accuracy-is-all-over-the-map-14790},
  pages={},
  year={September, 2008}
}

@article{118,
  title={Computation of the transmission frequency band for the ultra wideband capsule endoscope},
  author={Ch{\'a}vez-Santiago, Ra{\'u}l and Balasingham, Ilangko},
  booktitle={International Symposium on Medical Information and Communication Technology},
  pages={66--70},
  year={2013},
  organization={IEEE}
}
@article{119,
  title={Weighted centroid localization algorithm: theoretical analysis and distributed implementation},
  author={Wang, Jun and Urriza, Paulo and Han, Yuxing and Cabric, Danijela},
  journal={IEEE Transactions on Wireless Communications},
  volume={10},
  number={10},
  pages={3403--3413},
  year={2011}
}


@article{120,
  title={An {A}daptive Linearized Method for Localizing Video Endoscopic Capsule Using Weighted Centroid Algorithm},
  author={Umma Hany and Khan A. Wahid},
  journal={International Journal of Distributed Sensor Networks, Hindawi},
  volume={2015},
  pages={5},
  year={2015}
}

@article{122,
  title={Non-parametric method of path loss estimation for endoscopic capsule localization},
  author={Hany, Umma and Akter, Lutfa},
  journal={International Journal of Wireless Information Networks},
  volume={25},
  number={1},
  pages={44--56},
  year={2018},
  publisher={Springer}
}

@article{123,
  title={Non-parametric approach of video capsule endoscope localization using suboptimal method of position bounded {CWCL}},
  author={Hany, Umma and Akter, Lutfa},
  journal={IEEE Sensors Journal},
  volume={17},
  number={20},
  pages={6806--6815},
  year={2017},
  publisher={IEEE}
}

@inproceedings{124,
  title={Accuracy of endoscopic capsule localization using position bounds on smoothed path loss based WCL},
  author={Hany, Umma and Akter, Lutfa},
  booktitle={2017 IEEE International Conference on Signal and Image Processing Applications (ICSIPA)},
  pages={553--558},
  year={2017},
  organization={IEEE}
}
@article{125,
  title={Non-parametric approach using {ML} estimated path loss bounded {WCL} for video capsule endoscope localization},
  author={Hany, Umma and Akter, Lutfa},
  journal={IEEE Sensors Journal},
  volume={18},
  number={11},
  pages={4761--4769},
  year={2018},
  publisher={IEEE}
}
@article{126,
  title={A novel enhanced positioning trilateration algorithm implemented for medical implant in-body localization},
  author={Brida, Peter and Machaj, Juraj},
  journal={International Journal of Antennas and Propagation},
  volume={2013},
  year={2013},
  publisher={Hindawi}
}
@ARTICLE{mag19,
  author={Shao, Guoliang and Tang, Yuchao and Tang, Lin and Dai, Qiqi and Guo, Yong-Xin},
  journal={IEEE Sensors Journal}, 
  title={A Novel Passive Magnetic Localization Wearable System for Wireless Capsule Endoscopy}, 
  year={2019},
  volume={19},
  number={9},
  pages={3462-3472},
  }
@ARTICLE{10309167,
  author={Hany, Umma and Hye, Nafe Muhtasim and Akter, Lutfa},
  journal={IEEE Sensors Letters}, 
  title={Wireless Capsule Endoscope Localization Using LSTM Network}, 
  year={2023},
  volume={7},
  number={12},
  pages={1-4},
  doi={10.1109/LSENS.2023.3330401}}

@ARTICLE{mag21,
  author={Boroujeni, Pouria Sadeghi and Pishkenari, Hossein Nejat and Moradi, Hamed and Vossoughi, Gholamreza},
  journal={IEEE Sensors Journal}, 
  title={Model-aided Real-time Localization and Parameter Identification of a Magnetic Endoscopic Capsule Using Extended Kalman Filter}, 
  year={2021},
  pages={1-1},
  }
  
  @book{kay1993fundamentals,
  title={Fundamentals of statistical signal processing},
  author={Kay, Steven M},
  year={1993},
  publisher={Prentice Hall PTR}
}

@inproceedings{127,
  title={Novel joint {TOA/RSSI}-based {WCE} location tracking method without prior knowledge of biological human body tissues},
  author={Ito, Takahiro and Anzai, Daisuke and Wang, Jianqing},
  booktitle={2014 36th Annual International Conference of the IEEE Engineering in Medicine and Biology Society},
  pages={6993--6996},
  year={2014},
  organization={IEEE}
}
@article{128,
  title={Accurate localization of in-body medical implants based on spatial sparsity},
  author={Pourhomayoun, Mohammad and Jin, Zhanpeng and Fowler, Mark L},
  journal={IEEE Transactions on Biomedical Engineering},
  volume={61},
  number={2},
  pages={590--597},
  year={2013},
  publisher={IEEE}
}

@article{129,
  title={Wireless Localization for a Capsule Endoscopy: Techniques and Solutions},
  author={Guo, Yongxin and Shao, Guoliang},
  journal={Antenna and Sensor Technologies in Modern Medical Applications},
  pages={191--234},
  year={2021},
  publisher={Wiley Online Library}
}

@article{130,
  title={A localization method for wireless capsule endoscopy using side wall cameras and {IMU} sensor},
  author={Vedaei, Seyed Shahim and Wahid, Khan A},
  journal={Scientific reports},
  volume={11},
  number={1},
  pages={1--16},
  year={2021},
  publisher={Nature Publishing Group}
}

@article{khaleghi2011ultra,
  title={Ultra-wideband statistical propagation channel model for implant sensors in the human chest},
  author={Khaleghi, Ali and Ch{\'a}vez-Santiago, R and Balasingham, Ilangko},
  journal={IET microwaves, antennas \& propagation},
  volume={5},
  number={15},
  pages={1805--1812},
  year={2011},
  publisher={IET}
}

@article{bujanda2010malignant,
  title={Malignant colorectal polyps},
  author={Bujanda, Luis and Cosme, Angel and Gil, Ines and Arenas-Mirave, Juan I},
  journal={World journal of gastroenterology: WJG},
  volume={16},
  number={25},
  pages={3103},
  year={2010},
  publisher={Baishideng Publishing Group Inc}
}

@article{131,
  title={An improved method for localization of wireless capsule endoscope using direct position determination},
  author={Eshkevari, Ali and Sadough, Seyed Mohammad Sajad},
  journal={IEEE Access},
  volume={9},
  pages={154563--154577},
  year={2021},
  publisher={IEEE}
}

@article{132,
  title={Wireless Capsule Endoscope Localization with Phase Detection Algorithm and Adaptive Body Model},
  author={Oleksy, Pawe{\l} and Januszkiewicz, {\L}ukasz},
  journal={Sensors},
  volume={22},
  number={6},
  pages={2200},
  year={2022},
  publisher={MDPI}
}

@article{134,
  title={Visual localization of wireless capsule endoscopes aided by artificial neural networks},
  author={Dimas, George and Iakovidis, Dimitris K and Ciuti, Gastone and Karargyris, Alexandros and Koulaouzidis, Anastasios},
  journal={IEEE International Symposium on Computer-Based Medical Systems},
  pages={734--738},
  year={2017}
}

@inproceedings{135,
  title={{VQ} classification based on {MPEG-7} visual descriptors for video endoscopic capsule localization in the gastrointestinal tract},
  author={Duda, Krzysztof and Zielinski, T and Duplaga, Mariusz and Grega, Michal and Leszczuk, Mikolaj},
  booktitle={2007 15th European Signal Processing Conference},
  pages={1397--1401},
  year={2007},
  organization={IEEE}
}

@article{136,
  title={Automatic Classification of {GI} Organs in Wireless Capsule Endoscopy Using a No-Code Platform-Based Deep Learning Model},
  author={Chung, Joowon and Oh, Dong Jun and Park, Junseok and Kim, Su Hwan and Lim, Yun Jeong},
  journal={Diagnostics},
  volume={13},
  number={8},
  pages={1389},
  year={2023},
  publisher={MDPI}
}

@article{133,
  title={Attention aware deep learning model for wireless capsule endoscopy lesion classification and localization},
  author={Muruganantham, Prabhananthakumar and Balakrishnan, Senthil Murugan},
  journal={Journal of Medical and Biological Engineering},
  volume={42},
  number={2},
  pages={157--168},
  year={2022},
  publisher={Springer}
}



@article{170,
	title ={{L}ocal {R}egression {S}moothing},
journal={https://www.mathworks.com/help/curvefit/smoothing-data.html}, 
year={[Online accessed 2023-06-07]}}

@article{175,
title={A {G}entle {I}ntroduction to k-fold {C}ross-{V}alidation},
author={Brownlee, Jason},
journal={in Statistics, https://machinelearningmastery.com/k-fold-cross-validation/},
year={[2023-10-04]}}

@article{171,
	title = {{W}eighted least squares},
journal={Wikipedia}, 
year={[Online accessed~~2023-06-07]}}

@article{172,
	title = {{R}egression in {M}achine {L}earning: {W}hat It Is and {E}xamples of {D}ifferent {M}odels},
 author= {Kurama, Vihar},
journal={https://builtin.com/data-science/regression-machine-learning}, 
year={[Online accessed~~2023-06-07]}}

@article{173,
	title = {10 {P}opular {R}egression{A}lgorithms in {M}achine {L}earning Of 2022},
 author= {Ohri, Ajay},
journal={https://u-next.com/blogs/machine-learning/popular-regression-algorithms-ml/}, 
year={[Online accessed~~2023-06-09]}}

@article{174,
	title = {10 {M}achine {L}earning {A}lgorithms to {K}now in 2023},
journal={https://www.coursera.org/articles/machine-learning-algorithms}, 
year={[Online accessed~~2023-06-09]}}


@article{176,
  title={Localization of an ultra wide band wireless endoscopy capsule inside the human body using received signal strength and centroid algorithm},
  author={Suveren, Memduh and Akay, Rustu and Kanaan, Muzaffer},
  journal={An International Journal of Optimization and Control: Theories \& Applications (IJOCTA)},
  volume={12},
  number={2},
  pages={151--159},
  year={2022}
}

@article{177,
  title={Accuracy of {UWB} {P}ath {L}oss-{b}ased {L}ocalization of {W}ireless {C}apsule {E}ndoscopy},
  author={Hany, Umma and Akter, Lutfa},
  journal={Journal of Healthcare Engineering},
  volume={2023},
  year={2023},
  publisher={Hindawi}
}

@article{178,
  title={i{E}nhancer-{DHF}: identification of enhancers and their strengths using optimize deep neural network with multiple features extraction methods},
  author={Inayat, Nagina and Khan, Mukhtaj and Iqbal, Nadeem and Khan, Salman and Raza, Mushtaq and Khan, Dost Muhammad and Khan, Abbas and Wei, Dong Qing},
  journal={IEEE Access},
  volume={9},
  pages={40783--40796},
  year={2021},
  publisher={IEEE}
}

@article{179,
  title={{RSS} localization using an optimized fusion of two deep neural networks},
  author={Mahdavi, Fatemeh and Zayyani, Hadi and Rajabi, Roozbeh},
  journal={IEEE Sensors Letters},
  volume={5},
  number={12},
  pages={1--4},
  year={2021},
  publisher={IEEE}
}